<?xml version="1.0" encoding="UTF-8"?><record xmlns="http://www.loc.gov/MARC21/slim" xmlns:cinclude="http://apache.org/cocoon/include/1.0" xmlns:zs="http://www.loc.gov/zing/srw/">
  <leader>00827nz  a2200241n  4500</leader>
  <controlfield tag="001">no2015071226</controlfield>
  <controlfield tag="003">DLC</controlfield>
  <controlfield tag="005">20150530073556.0</controlfield>
  <controlfield tag="008">150529n| azannaabn          |a aaa     c</controlfield>
  <datafield tag="010" ind1=" " ind2=" ">
    <subfield code="a">no2015071226</subfield>
  </datafield>
  <datafield tag="035" ind1=" " ind2=" ">
    <subfield code="a">(OCoLC)oca10178957</subfield>
  </datafield>
  <datafield tag="040" ind1=" " ind2=" ">
    <subfield code="a">ICrlF</subfield>
    <subfield code="b">eng</subfield>
    <subfield code="e">rda</subfield>
    <subfield code="c">ICrlF</subfield>
  </datafield>
  <datafield tag="046" ind1=" " ind2=" ">
    <subfield code="f">19670329</subfield>
  </datafield>
  <datafield tag="100" ind1="1" ind2=" ">
    <subfield code="a">Gardner, Frederick,</subfield>
    <subfield code="d">1967-</subfield>
  </datafield>
  <datafield tag="370" ind1=" " ind2=" ">
    <subfield code="a">Victorville (Calif.)</subfield>
  </datafield>
  <datafield tag="372" ind1=" " ind2=" ">
    <subfield code="a">Animation</subfield>
    <subfield code="a">Illustration</subfield>
  </datafield>
  <datafield tag="374" ind1=" " ind2=" ">
    <subfield code="a">Television</subfield>
    <subfield code="a">Film</subfield>
    <subfield code="a">Illustrator</subfield>
  </datafield>
  <datafield tag="375" ind1=" " ind2=" ">
    <subfield code="a">male</subfield>
  </datafield>
  <datafield tag="377" ind1=" " ind2=" ">
    <subfield code="a">eng</subfield>
  </datafield>
  <datafield tag="378" ind1=" " ind2=" ">
    <subfield code="q">Frederick J.</subfield>
  </datafield>
  <datafield tag="400" ind1="1" ind2=" ">
    <subfield code="a">Gardner, Frederick J.</subfield>
    <subfield code="b">III,</subfield>
    <subfield code="d">1967-</subfield>
  </datafield>
  <datafield tag="670" ind1=" " ind2=" ">
    <subfield code="a">Evans, Cordelia. Bet on it, 2014 :</subfield>
    <subfield code="b">t.p. (illustrated by Frederick Gardner)</subfield>
  </datafield>
  <datafield tag="670" ind1=" " ind2=" ">
    <subfield code="a">IMDb May 21, 2015</subfield>
    <subfield code="b">(Frederick J. Gardner III, vorn March 29, 1967 in  Victorville, California, animation department,  art department, production designer)</subfield>
  </datafield>
</record>